%% This BibTeX bibliography file was created using BibDesk.
%% http://bibdesk.sourceforge.net/


%% Created for Dennis Evangelista at 2012-02-29 10:48:05 -0800 


%% Saved with string encoding Unicode (UTF-8) 



@article{Clark:2009,
	Author = {Clark, Christopher James},
	Date-Added = {2011-09-26 17:05:31 +0000},
	Date-Modified = {2012-02-29 18:47:03 +0000},
	Doi = {10.1098/rspb.2009.0508},
	Journal = {Proceedings Of The Royal Society B-Biological Sciences},
	Number = {1670},
	Pages = {3047},
	Rating = {0},
	Read = {Yes},
	Title = {Courtship dives of {A}nna's {H}ummingbird offer insights into flight performance limits},
	Volume = {276},
	Year = {2009},
	Bdsk-Url-1 = {http://www.google.com/search?client=safari&rls=en-us&q=Courtship+dives+of+Anna's+hummingbird+offer+insights+into+flight+performance+limits&ie=UTF-8&oe=UTF-8}}

@article{Clark:2011,
	Author = {Clark, C. J. and Elias, D. O. and Prum, R. O.},
	Date-Modified = {2012-02-29 18:48:05 +0000},
	Doi = {10.1126/science.1205222},
	Journal = {Science},
	Month = {Sep},
	Pages = {1430--1433},
	Title = {Aeroelastic flutter produces hummingbird feather songs},
	Volume = {333},
	Year = {2011}}

@article{Clark:2008,
	Author = {Clark, Christopher James and Feo, Teresa J},
	Date-Modified = {2012-02-29 18:47:11 +0000},
	Doi = {doi:10.1098/rspb.2007.1619},
	Journal = {Proceedings Of The Royal Society Of London Series B-Biological Sciences},
	Pages = {955--962},
	Rating = {0},
	Read = {Yes},
	Title = {The {A}nna's {H}ummingbird chirps with its tail: a new mechanism of sonation in birds},
	Volume = {275},
	Year = {2008},
	Bdsk-Url-1 = {http://dx.doi.org/10.1098/rspb.2007.1619}}

@book{Mueller:2002,
	Date-Added = {2011-02-17 14:48:15 -0800},
	Date-Modified = {2011-02-17 14:49:07 -0800},
	Editor = {Mueller, Thomas J.},
	Publisher = {Springer},
	Title = {Aeroacoustic Measurements},
	Year = {2002}}
